%%%%%%%%%%%%%%%%%%%%%%%%%%%%%%%%%%%%%%%%%%%%%%%%%%%%%%%%%%%%%%%%%%%
%%%                         Template stuff                      %%%
%%%%%%%%%%%%%%%%%%%%%%%%%%%%%%%%%%%%%%%%%%%%%%%%%%%%%%%%%%%%%%%%%%%
@book{lamport94,
 author = "Leslie Lamport",
 title = "{\LaTeX: A Document Preparation System}",
 year = "1994",
 publisher = "Addison-Wesley",
 edition = "2nd",
 address = "Reading, Massachusetts"
}

@inproceedings{nicepaper1,
  author = "Firstname1 Lastname1 and Firstname2 Lastname2",
  title = "A Very Nice Paper To Cite",
  year = "2016",
  booktitle = "Proceedings of the 49th Annual IEEE/ACM International Symposium on Microarchitecture"
}

@inproceedings{nicepaper2,
  author = "Firstname1 Lastname1 and Firstname2 Lastname2 and Firstname3 Lastname3",
  title = "Another Very Nice Paper to Cite",
  year = "2015",
  booktitle = "Proceedings of the 48th Annual IEEE/ACM International Symposium on Microarchitecture"
}

@inproceedings{nicepaper3,
  author = "Firstname1 Lastname1 and Firstname2 Lastname2 and Firstname3 Lastname3 and Firstname4 Lastname4 and Firstname5 Lastname5 and Firstname6 Lastname6 and Firstname7 Lastname7 and Firstname8 Lastname8 and Firstname9 Lastname9 and Firstname10 Lastname10 and Firstname11 Lastname11 and Firstname12 Lastname12",
  title = "Yet Another Very Nice Paper To Cite, With Many Author Names All Spelled Out",
  year = "2011",
  booktitle = "Proceedings of the 38th Annual International Symposium on Computer Architecture"
}
%%%%%%%%%%%%%%%%%%%%%%%%%%%%%%%%%%%%%%%%%%%%%%%%%%%%%%%%%%%%%%%%%%%
@inproceedings{ros2018superfluous,
  title={The Superfluous Load Queue},
  author={Ros, Alberto and Kaxiras, Stefanos},
  booktitle={2018 51st Annual IEEE/ACM International Symposium on Microarchitecture (MICRO)},
  pages={95--107},
  year={2018},
  organization={IEEE}
}



@inproceedings{SBAC-PAD/2017addressing,
  title={Addressing Energy Challenges in Filter Caches},
  author={Alves, Ricardo and Nikoleris, Nikos and Kaxiras, Stefanos and Black-Schaffer, David},
  booktitle={Computer Architecture and High Performance Computing (SBAC-PAD), 2017 29th International Symposium on},
  pages={49--56},
  year={2017},
  organization={IEEE}
}

@inproceedings{alves2018dynamically,
  title={Dynamically Disabling Way-prediction to Reduce Instruction Replay},
  author={Alves, Ricardo and Kaxiras, Stefanos and Black-Schaffer, David},
  booktitle={2018 IEEE International Conference on Computer Design (ICCD), October 7-10 2018, Orlando, Florida, USA},
  year={2018}
}

@inproceedings{Bank/perais15,
  title={Cost-effective speculative scheduling in high performance processors},
  author={Perais, Arthur and Seznec, Andr{\'e} and Michaud, Pierre and Sembrant, Andreas and Hagersten, Erik},
  booktitle={Computer Architecture (ISCA), 2015 ACM/IEEE 42nd Annual International Symposium on},
  pages={247--259},
  year={2015},
  organization={IEEE}
}

@Misc{speccpu06,
  author =       {Standard Performance Evaluation Corporation},
  title =        {SPEC CPU2006},
  year = 	 {2006},
  url =          {http://www.spec.org/cpu20066},
}

@article{gem5,
 author = {Binkert, Nathan and Beckmann, Bradford and Black, Gabriel and Reinhardt, Steven K. and Saidi, Ali and Basu, Arkaprava and Hestness, Joel and Hower, Derek R. and Krishna, Tushar and Sardashti, Somayeh and Sen, Rathijit and Sewell, Korey and Shoaib, Muhammad and Vaish, Nilay and Hill, Mark D. and Wood, David A.},
 title = {The Gem5 Simulator},
 journal = {SIGARCH Comput. Archit. News},
 issue_date = {May 2011},
 volume = {39},
 number = {2},
 month = aug,
 year = {2011},
 issn = {0163-5964},
 pages = {1--7},
 numpages = {7},
 doi = {10.1145/2024716.2024718},
 acmid = {2024718},
 publisher = {ACM},
 address = {New York, NY, USA},
} 


@InProceedings{cacti-p11,
  title={CACTI-P: Architecture-level modeling for SRAM-based structures with advanced leakage reduction techniques},
  author={Li, Sheng and Chen, Ke and Ahn, Jung Ho and Brockman, Jay B and Jouppi, Norman P},
  booktitle={Proceedings of the International Conference on Computer-Aided Design},
  pages={694--701},
  year={2011},
  organization={IEEE Press}
}

%%%%%%%%%%%%%%%%%%%%%%%%%%%%%%%%%%%%%%%%%%%%
% Filter caches
%%%%%%%%%%%%%%%%%%%%%%%%%%%%%%%%%%%%%%%%%%%%

@inproceedings{FilterCache/kin97,
  title={The filter cache: an energy efficient memory structure},
  author={Kin, Johnson and Gupta, Munish and Mangione-Smith, William H},
  booktitle={Proceedings of the 30th annual ACM/IEEE international symposium on Microarchitecture},
  pages={184--193},
  year={1997},
  organization={IEEE Computer Society}
}

@inproceedings{FilterCache2/bellas99,
  title={Using dynamic cache management techniques to reduce energy in a high-performance processor},
  author={Bellas, Nikolaos and Hajj, Ibrahim and Polychronopoulos, Constantine},
  booktitle={Low Power Electronics and Design, 1999. Proceedings. 1999 International Symposium on},
  pages={64--69},
  year={1999},
  organization={IEEE}
}


@inproceedings{FilterCache3/giorgi07,
  title={Reducing leakage in power-saving capable caches for embedded systems by using a filter cache},
  author={Giorgi, Roberto and Bennati, Paolo},
  booktitle={Proceedings of the 2007 workshop on MEmory performance: DEaling with Applications, systems and architecture},
  pages={97--104},
  year={2007},
  organization={ACM}
}


%%%%%%%%%%%%%%%%%%%%%%%%%%%%%%%%%%%%%%%%%%%%
% LSQ cache
%%%%%%%%%%%%%%%%%%%%%%%%%%%%%%%%%%%%%%%%%%%%

@inproceedings{nicolaescu2003,
  title={Reducing data cache energy consumption via cached load/store queue},
  author={Nicolaescu, Dan and Veidenbaum, Alex and Nicolau, Alex},
  booktitle={Proceedings of the 2003 international symposium on Low power electronics and design},
  pages={252--257},
  year={2003},
  organization={ACM}
}

@inproceedings{carazo2010l1,
  title={L1 data cache power reduction using a forwarding predictor},
  author={Carazo, Pablo and Apolloni, Rub{\'e}n and Castro, Fernando and Chaver, Daniel and Pinuel, Luis and Tirado, Francisco},
  booktitle={International Workshop on Power and Timing Modeling, Optimization and Simulation},
  pages={116--125},
  year={2010},
  organization={Springer}
}



%%%%%%%%%%%%%%%%%%%%%%%%%%%%%%%%%%%%%%%%%%%%
% Value predictors
%%%%%%%%%%%%%%%%%%%%%%%%%%%%%%%%%%%%%%%%%%%%
@inproceedings{VP/lipasti96exceeding,
  title={Exceeding the dataflow limit via value prediction},
  author={Lipasti, Mikko H and Shen, John Paul},
  booktitle={Proceedings of the 29th annual ACM/IEEE international symposium on Microarchitecture},
  pages={226--237},
  year={1996},
  organization={IEEE Computer Society}
}

@inproceedings{VP/lipasti96value,
  title={Value Locality and Load Value Prediction},
  author={LIPASTI, MH},
  booktitle={Proc. of 7th Int'l Conf. on Architectural Support for Programming Languages and Operatings Systems, 1996},
  year={1996}
}

@inproceedings{VP/wang97highly,
  title={Highly accurate data value prediction using hybrid predictors},
  author={Wang, Kai and Franklin, Manoj},
  booktitle={Proceedings of the 30th annual ACM/IEEE international symposium on Microarchitecture},
  pages={281--290},
  year={1997},
  organization={IEEE Computer Society}
}

@inproceedings{VP/tuck05multithreaded,
  title={Multithreaded value prediction},
  author={Tuck, Nathan and Tullsen, Dean M},
  booktitle={11th International Symposium on High-Performance Computer Architecture},
  pages={5--15},
  year={2005},
  organization={IEEE}
}

@inproceedings{VP/perais14eole,
  title={EOLE: Paving the way for an effective implementation of value prediction},
  author={Perais, Arthur and Seznec, Andr{\'e}},
  booktitle={2014 ACM/IEEE 41st International Symposium on Computer Architecture (ISCA)},
  pages={481--492},
  year={2014},
  organization={IEEE}
}

@inproceedings{VP/perais15bebop,
  title={BeBoP: A cost effective predictor infrastructure for superscalar value prediction},
  author={Perais, Arthur and Seznec, Andr{\'e}},
  booktitle={2015 IEEE 21st International Symposium on High Performance Computer Architecture (HPCA)},
  pages={13--25},
  year={2015},
  organization={IEEE}
}

@inproceedings{VP/perais2014VTAGE,
  title={Practical data value speculation for future high-end processors},
  author={Perais, Arthur and Seznec, Andr{\'e}},
  booktitle={2014 IEEE 20th International Symposium on High Performance Computer Architecture (HPCA)},
  pages={428--439},
  year={2014},
  organization={IEEE}
}





%%%%%%%%%%%%%%%%%%%%%%%%%%%%%%%%%%%%%%%%%%%%
% Stride predictors
%%%%%%%%%%%%%%%%%%%%%%%%%%%%%%%%%%%%%%%%%%%%
@article{SP/eickemeyer93load,
  title={A load-instruction unit for pipelined processors},
  author={Eickemeyer, Richard J and Vassiliadis, Stamatis},
  journal={IBM Journal of Research and Development},
  volume={37},
  number={4},
  pages={547--564},
  year={1993},
  publisher={IBM}
}

@book{SP/gabbay96speculative,
  title={Speculative execution based on value prediction},
  author={Gabbay, Freddy},
  year={1996},
  publisher={Technion-IIT, Department of Electrical Engineering}
}








%%%%%%%%%%%%%%%%%%%%%%%%%%%%%%%%%%%%%%%%%%%%
% Register sharing
%%%%%%%%%%%%%%%%%%%%%%%%%%%%%%%%%%%%%%%%%%%%
@inproceedings{RS/jourdan98novel,
  title={A novel renaming scheme to exploit value temporal locality through physical register reuse and unification},
  author={Jourdan, Stephan and Ronen, Ronny and Bekerman, Michael and Shomar, Bishara and Yoaz, Adi},
  booktitle={Proceedings. 31st Annual ACM/IEEE International Symposium on Microarchitecture},
  pages={216--225},
  year={1998},
  organization={IEEE}
}

@inproceedings{RS/petric02three,
  title={Three extensions to register integration},
  author={Petric, Vlad and Bracy, Anne and Roth, Amir},
  booktitle={35th Annual IEEE/ACM International Symposium on Microarchitecture, 2002.(MICRO-35). Proceedings.},
  pages={37--47},
  year={2002},
  organization={IEEE}
}

@inproceedings{RS/petric05reno,
  title={Reno: a rename-based instruction optimizer},
  author={Petric, Vlad and Sha, Tingting and Roth, Amir},
  booktitle={32nd International Symposium on Computer Architecture (ISCA'05)},
  pages={98--109},
  year={2005},
  organization={IEEE}
}

@inproceedings{RS/fahs05continuous,
  title={Continuous optimization},
  author={Fahs, B and Rafacz, T and Patel, SJ and Lumetta, SS},
  booktitle={32nd International Symposium on Computer Architecture (ISCA'05)},
  pages={86--97},
  year={2005},
  organization={IEEE}
}

@inproceedings{RS/perais16register,
  title={Register sharing for equality prediction},
  author={Perais, Arthur and Endo, Fernando A and Seznec, Andr{\'e}},
  booktitle={The 49th Annual IEEE/ACM International Symposium on Microarchitecture},
  pages={4},
  year={2016},
  organization={IEEE Press}
}

@article{RS/roth2008physical,
  title={Physical register reference counting},
  author={Roth, Amir},
  journal={IEEE Computer Architecture Letters},
  volume={7},
  number={1},
  pages={9--12},
  year={2008},
  publisher={IEEE}
}


@inproceedings{RS/battle2012flexible,
  title={Flexible register management using reference counting},
  author={Battle, Steven and Hilton, Andrew D and Hempstead, Mark and Roth, Amir},
  booktitle={IEEE International Symposium on High-Performance Comp Architecture},
  pages={1--12},
  year={2012},
  organization={IEEE}
}
















%%%%%%%%%%%%%%%%%%%%%%%%%%%%%%%%%%%%%%%%%%%%
% Memory dependency
%%%%%%%%%%%%%%%%%%%%%%%%%%%%%%%%%%%%%%%%%%%%
@inproceedings{MD/moshovos97,
  title={Streamlining inter-operation memory communication via data dependence prediction},
  author={Moshovos, Andreas and Sohi, Gurindar S},
  booktitle={Proceedings of the 30th annual ACM/IEEE international symposium on Microarchitecture},
  pages={235--245},
  year={1997},
  organization={IEEE Computer Society}
}

@inproceedings{MD/onder2001load,
  title={Load and store reuse using register file contents},
  author={{\"O}nder, Soner and Gupta, Rajiv},
  booktitle={Proceedings of the 15th international conference on Supercomputing},
  pages={289--302},
  year={2001},
  organization={ACM}
}

@inproceedings{MD/sodani1997dynamic,
  title={Dynamic Instruction Reuse},
  author={Sodani, Avinash and Sohi, Gurindar S},
  booktitle={Proceedings of the 24th International Symposium on Computer Architecture (ISCA)},
  year={1997}
}

@inproceedings{MD/chrysos1998memory,
  title={Memory dependence prediction using store sets},
  author={Chrysos, George Z and Emer, Joel S},
  booktitle={Proceedings. 25th Annual International Symposium on Computer Architecture (Cat. No. 98CB36235)},
  pages={142--153},
  year={1998},
  organization={IEEE}
}

@article{MD/kessler1999alpha,
  title={The alpha 21264 microprocessor},
  author={Kessler, Richard E},
  journal={IEEE micro},
  volume={19},
  number={2},
  pages={24--36},
  year={1999},
  publisher={IEEE}
}

@inproceedings{MD/moshovos1997dynamic,
  title={Dynamic speculation and synchronization of data dependences},
  author={Moshovos, Andreas and Breach, Scott E and Vijaykumar, Terani N and Sohi, Gurindar S},
  booktitle={ACM SIGARCH Computer Architecture News},
  volume={25},
  number={2},
  pages={181--193},
  year={1997},
  organization={ACM}
}















%%%%%%%%%%%%%%%%%%%%%%%%%%%%%%%%%%%%%%%%%%%%
% Main papers
%%%%%%%%%%%%%%%%%%%%%%%%%%%%%%%%%%%%%%%%%%%%
@inproceedings{DLVP/sheikh17,
  title={Load value prediction via path-based address prediction: avoiding mispredictions due to conflicting stores},
  author={Sheikh, Rami and Cain, Harold W and Damodaran, Raguram},
  booktitle={Proceedings of the 50th Annual IEEE/ACM International Symposium on Microarchitecture},
  pages={423--435},
  year={2017},
  organization={ACM}
}

@article{AVPP/orosa18,
  title={AVPP: Address-first value-next predictor with value prefetching for improving the efficiency of load value prediction},
  author={Orosa, Lois and Azevedo, Rodolfo and Mutlu, Onur},
  journal={ACM Transactions on Architecture and Code Optimization (TACO)},
  volume={15},
  number={4},
  pages={49},
  year={2018},
  publisher={ACM}
}

@inproceedings{ISRB/perais16,
  title={Cost effective physical register sharing},
  author={Perais, Arthur and Seznec, Andr{\'e}},
  booktitle={2016 IEEE International Symposium on High Performance Computer Architecture (HPCA)},
  pages={694--706},
  year={2016},
  organization={IEEE}
}


@inproceedings{SVW/roth05,
  title={Store vulnerability window (SVW): re-execution filtering for enhanced load optimization},
  author={Roth, A},
  booktitle={32nd International Symposium on Computer Architecture (ISCA'05)},
  pages={458--468},
  year={2005},
  organization={IEEE}
}

